[gd_scene load_steps=6 format=2]

[ext_resource path="res://world/platforms/rock3.png" type="Texture" id=1]
[ext_resource path="res://world/pickups/static_gem_1.tscn" type="PackedScene" id=2]
[ext_resource path="res://world/pickups/static_gem_5.tscn" type="PackedScene" id=3]
[ext_resource path="res://world/pickups/static_gem_10.tscn" type="PackedScene" id=4]
[ext_resource path="res://world/DropShadow.cs" type="Script" id=5]

[node name="Platform1" type="StaticBody2D"]

[node name="Sprite" type="Sprite" parent="."]
position = Vector2( -9.20001, 128.4 )
scale = Vector2( 0.5, 0.5 )
texture = ExtResource( 1 )
script = ExtResource( 5 )

[node name="CollisionPolygon2D" type="CollisionPolygon2D" parent="."]
position = Vector2( -9.20001, 128.4 )
scale = Vector2( 0.5, 0.5 )
polygon = PoolVector2Array( 319.5, -222, 320.5, -222, 320.5, -213, 348.5, -28.4, 348.5, 9, 131.3, 223, 83.1, 223, -151.5, 195.8, -151.5, 193.9, -348.5, 16.7, -348.5, -25.8, -329.3, -214, -328, -214, -326, -221, -323.2, -221, -216.5, -191.5, -216.5, -190.3, -14.6, -94.8, 305.5, -223, 319.5, -223 )

[node name="StaticGem" parent="." instance=ExtResource( 4 )]
position = Vector2( -15, 59 )

[node name="StaticGem2" parent="." instance=ExtResource( 3 )]
position = Vector2( 26, 42 )

[node name="StaticGem3" parent="." instance=ExtResource( 3 )]
position = Vector2( -59, 42 )

[node name="StaticGem4" parent="." instance=ExtResource( 2 )]
position = Vector2( -100, 21 )

[node name="StaticGem5" parent="." instance=ExtResource( 2 )]
position = Vector2( -149, 6 )

[node name="StaticGem6" parent="." instance=ExtResource( 2 )]
position = Vector2( 68, 24 )

[node name="StaticGem7" parent="." instance=ExtResource( 2 )]
position = Vector2( 115, 6 )

[node name="StaticGem8" parent="." instance=ExtResource( 2 )]
position = Vector2( -197, 54 )

[node name="StaticGem9" parent="." instance=ExtResource( 2 )]
position = Vector2( -200, 96 )

[node name="StaticGem10" parent="." instance=ExtResource( 2 )]
position = Vector2( 174, 46 )

[node name="StaticGem11" parent="." instance=ExtResource( 2 )]
position = Vector2( 181, 94 )

[node name="StaticGem12" parent="." instance=ExtResource( 4 )]
position = Vector2( -15, 254 )

[node name="StaticGem13" parent="." instance=ExtResource( 3 )]
position = Vector2( 38, 258 )

[node name="StaticGem14" parent="." instance=ExtResource( 3 )]
position = Vector2( -67, 250 )

[node name="StaticGem15" parent="." instance=ExtResource( 2 )]
position = Vector2( -114, 226 )

[node name="StaticGem16" parent="." instance=ExtResource( 2 )]
position = Vector2( -154, 194 )

[node name="StaticGem17" parent="." instance=ExtResource( 2 )]
position = Vector2( -195, 155 )

[node name="StaticGem18" parent="." instance=ExtResource( 2 )]
position = Vector2( 95, 232 )

[node name="StaticGem19" parent="." instance=ExtResource( 2 )]
position = Vector2( 135, 192 )

[node name="StaticGem20" parent="." instance=ExtResource( 2 )]
position = Vector2( 171, 153 )
