[gd_scene load_steps=6 format=2]

[ext_resource path="res://world/platforms/rock1.png" type="Texture" id=1]
[ext_resource path="res://world/pickups/static_gem_1.tscn" type="PackedScene" id=2]
[ext_resource path="res://world/pickups/static_gem_5.tscn" type="PackedScene" id=3]
[ext_resource path="res://world/pickups/static_gem_10.tscn" type="PackedScene" id=4]
[ext_resource path="res://world/DropShadow.cs" type="Script" id=5]

[node name="Platform1" type="StaticBody2D"]

[node name="Sprite" type="Sprite" parent="."]
position = Vector2( -9.2, 80.4 )
scale = Vector2( 0.5, 0.5 )
texture = ExtResource( 1 )
script = ExtResource( 5 )
__meta__ = {
"_edit_lock_": true
}

[node name="CollisionPolygon2D" type="CollisionPolygon2D" parent="."]
position = Vector2( -9.2, 80.4 )
scale = Vector2( 0.5, 0.5 )
polygon = PoolVector2Array( 227, -99.8, 227, -97.6, 285.3, -17.2, 284.2, -15, 282.8, -15, 199.9, 72, 196.3, 72, -24, 136.7, -24, 134.2, -243, 19.2, -243, 16.5, -286, -71.4, -286, -87, -188.4, -139, -143.4, -139 )
__meta__ = {
"_edit_lock_": true
}

[node name="StaticGem" parent="." instance=ExtResource( 2 )]
position = Vector2( -99, -8 )

[node name="StaticGem2" parent="." instance=ExtResource( 2 )]
position = Vector2( -53, -4 )

[node name="StaticGem3" parent="." instance=ExtResource( 2 )]
position = Vector2( 2, 2 )

[node name="StaticGem4" parent="." instance=ExtResource( 2 )]
position = Vector2( 54, 8 )

[node name="StaticGem5" parent="." instance=ExtResource( 3 )]
position = Vector2( 104, 13 )

[node name="StaticGem6" parent="." instance=ExtResource( 4 )]
position = Vector2( 143, 49 )

[node name="StaticGem7" parent="." instance=ExtResource( 3 )]
position = Vector2( 132, 102 )

[node name="StaticGem8" parent="." instance=ExtResource( 2 )]
position = Vector2( 95, 133 )

[node name="StaticGem9" parent="." instance=ExtResource( 2 )]
position = Vector2( 48, 148 )

[node name="StaticGem10" parent="." instance=ExtResource( 2 )]
position = Vector2( 1, 160 )

[node name="StaticGem11" parent="." instance=ExtResource( 2 )]
position = Vector2( -44, 156 )

[node name="StaticGem12" parent="." instance=ExtResource( 3 )]
position = Vector2( -87, 136 )

[node name="StaticGem13" parent="." instance=ExtResource( 4 )]
position = Vector2( -135, 109 )

[node name="StaticGem14" parent="." instance=ExtResource( 3 )]
position = Vector2( -165, 57 )

[node name="StaticGem15" parent="." instance=ExtResource( 2 )]
position = Vector2( -144, 11 )
