[gd_scene load_steps=6 format=2]

[ext_resource path="res://world/platforms/rock5.png" type="Texture" id=1]
[ext_resource path="res://world/pickups/static_gem_1.tscn" type="PackedScene" id=2]
[ext_resource path="res://world/pickups/static_gem_5.tscn" type="PackedScene" id=3]
[ext_resource path="res://world/pickups/static_gem_10.tscn" type="PackedScene" id=4]
[ext_resource path="res://world/DropShadow.cs" type="Script" id=5]

[node name="Platform1" type="StaticBody2D"]

[node name="Sprite" type="Sprite" parent="."]
position = Vector2( -7.2, 0.200012 )
scale = Vector2( 0.5, 0.5 )
texture = ExtResource( 1 )
script = ExtResource( 5 )

[node name="StaticGem" parent="." instance=ExtResource( 4 )]
position = Vector2( -167.28, 191.565 )

[node name="StaticGem2" parent="." instance=ExtResource( 4 )]
position = Vector2( -122.28, -137.435 )

[node name="StaticGem3" parent="." instance=ExtResource( 3 )]
position = Vector2( -179.28, 70.565 )

[node name="StaticGem4" parent="." instance=ExtResource( 3 )]
position = Vector2( -150.28, -26.435 )

[node name="StaticGem5" parent="." instance=ExtResource( 3 )]
position = Vector2( -7.28, 167.565 )

[node name="StaticGem6" parent="." instance=ExtResource( 3 )]
position = Vector2( 117.72, 62.565 )

[node name="StaticGem7" parent="." instance=ExtResource( 2 )]
position = Vector2( -167.28, 19.565 )

[node name="StaticGem8" parent="." instance=ExtResource( 2 )]
position = Vector2( 34.72, 152.565 )

[node name="StaticGem9" parent="." instance=ExtResource( 2 )]
position = Vector2( -133.28, -83.435 )

[node name="StaticGem10" parent="." instance=ExtResource( 2 )]
position = Vector2( -64.28, -125.435 )

[node name="StaticGem11" parent="." instance=ExtResource( 2 )]
position = Vector2( -172.28, 124.565 )

[node name="StaticGem13" parent="." instance=ExtResource( 2 )]
position = Vector2( -112.28, 188.565 )

[node name="StaticGem14" parent="." instance=ExtResource( 2 )]
position = Vector2( -52.28, 182.565 )

[node name="StaticGem16" parent="." instance=ExtResource( 2 )]
position = Vector2( 84.72, 127.565 )

[node name="StaticGem17" parent="." instance=ExtResource( 2 )]
position = Vector2( 150.72, -2.43498 )

[node name="StaticGem18" parent="." instance=ExtResource( 2 )]
position = Vector2( 158.72, -67.435 )

[node name="StaticGem19" parent="." instance=ExtResource( 2 )]
position = Vector2( 158.72, -132.435 )

[node name="StaticGem20" parent="." instance=ExtResource( 2 )]
position = Vector2( 146.72, -195.435 )

[node name="StaticGem21" parent="." instance=ExtResource( 2 )]
position = Vector2( 94.72, -189.435 )

[node name="StaticGem22" parent="." instance=ExtResource( 2 )]
position = Vector2( 48.72, -170.435 )

[node name="StaticGem23" parent="." instance=ExtResource( 2 )]
position = Vector2( -7.28, -148.435 )

[node name="CollisionPolygon2D" type="CollisionPolygon2D" parent="."]
position = Vector2( -7.2, 0.200012 )
scale = Vector2( 0.5, 0.5 )
polygon = PoolVector2Array( 286, -310.8, 230.7, 23, 228.9, 23, 172, 76.9, 172, 77.7, 200.7, 173, 197.7, 173, 126.7, 232, 124.4, 232, 21.4, 280, 17.1, 280, -140.7, 323, -149.8, 323, -242.1, 334, -286, 334, -286, 310.9, -235.7, 17, -234.3, 17, -194, -75.3, -194, -122, -195, -210, -192.2, -210, -182, -211.3, -182, -209.6, -68.4, -184.4, 4.29999, -247, 7.70001, -247, 273.8, -334, 286, -334 )
