[gd_scene load_steps=6 format=2]

[ext_resource path="res://world/platforms/rock7.png" type="Texture" id=1]
[ext_resource path="res://world/pickups/static_gem_1.tscn" type="PackedScene" id=2]
[ext_resource path="res://world/pickups/static_gem_5.tscn" type="PackedScene" id=3]
[ext_resource path="res://world/pickups/static_gem_10.tscn" type="PackedScene" id=4]
[ext_resource path="res://world/DropShadow.cs" type="Script" id=5]

[node name="Platform1" type="StaticBody2D"]

[node name="Sprite" type="Sprite" parent="."]
position = Vector2( -7.2, 0.200012 )
scale = Vector2( 0.65, 0.65 )
texture = ExtResource( 1 )
script = ExtResource( 5 )

[node name="StaticGem" parent="." instance=ExtResource( 4 )]
position = Vector2( -188, 138 )

[node name="StaticGem12" parent="." instance=ExtResource( 4 )]
position = Vector2( 110, 157 )

[node name="StaticGem15" parent="." instance=ExtResource( 4 )]
position = Vector2( 189, -77 )

[node name="StaticGem2" parent="." instance=ExtResource( 4 )]
position = Vector2( -95, -158 )

[node name="StaticGem3" parent="." instance=ExtResource( 3 )]
position = Vector2( -125, -2 )

[node name="StaticGem24" parent="." instance=ExtResource( 3 )]
position = Vector2( -28, 100 )

[node name="StaticGem25" parent="." instance=ExtResource( 3 )]
position = Vector2( 88, 33 )

[node name="StaticGem4" parent="." instance=ExtResource( 3 )]
position = Vector2( 11, -87 )

[node name="StaticGem7" parent="." instance=ExtResource( 2 )]
position = Vector2( -127, -58 )

[node name="StaticGem8" parent="." instance=ExtResource( 2 )]
position = Vector2( -41, 145 )

[node name="StaticGem26" parent="." instance=ExtResource( 2 )]
position = Vector2( 13, 129 )

[node name="StaticGem27" parent="." instance=ExtResource( 2 )]
position = Vector2( 54, 160 )

[node name="StaticGem28" parent="." instance=ExtResource( 2 )]
position = Vector2( 134, 115 )

[node name="StaticGem29" parent="." instance=ExtResource( 2 )]
position = Vector2( 109, 73 )

[node name="StaticGem9" parent="." instance=ExtResource( 2 )]
position = Vector2( -124, -112 )

[node name="StaticGem10" parent="." instance=ExtResource( 2 )]
position = Vector2( -45, -171 )

[node name="StaticGem11" parent="." instance=ExtResource( 2 )]
position = Vector2( -157, 35 )

[node name="StaticGem13" parent="." instance=ExtResource( 2 )]
position = Vector2( -188, 80 )

[node name="StaticGem14" parent="." instance=ExtResource( 2 )]
position = Vector2( -135, 174 )

[node name="StaticGem16" parent="." instance=ExtResource( 2 )]
position = Vector2( -84, 167 )

[node name="StaticGem17" parent="." instance=ExtResource( 2 )]
position = Vector2( 131, 4 )

[node name="StaticGem18" parent="." instance=ExtResource( 2 )]
position = Vector2( 178, -28 )

[node name="StaticGem19" parent="." instance=ExtResource( 2 )]
position = Vector2( 158.72, -132.435 )

[node name="StaticGem20" parent="." instance=ExtResource( 2 )]
position = Vector2( 115, -121 )

[node name="StaticGem21" parent="." instance=ExtResource( 2 )]
position = Vector2( 64, -103 )

[node name="StaticGem23" parent="." instance=ExtResource( 2 )]
position = Vector2( -8, -131 )

[node name="CollisionPolygon2D" type="CollisionPolygon2D" parent="."]
position = Vector2( -7.2, 0.200012 )
scale = Vector2( 0.65, 0.65 )
polygon = PoolVector2Array( -64, -227.1, 16.3, -79.5, 17.6, -79.5, 253.7, -164.5, 255, -164.5, 255, -111.2, 251.9, -65.5, 250.5, -65.5, 248.5, -58.5, 245.5, -58.5, 83, 41.6, 178, 172.9, 178, 174.9, 180.3, 178.4, 179.2, 180.5, 178.1, 180.5, 176.1, 183.5, 173.6, 183.5, 119.1, 219.8, 117, 218.7, 117, 217.5, -42.5, 107.9, -108.9, 218.5, -114.7, 218.5, -179.9, 229.5, -215, 229.5, -255, 170.1, -255, 156.5, -144, 15.8, -144, 13.1, -128.8, -26.8, -146.3, -167.5, -143.7, -167.5, -75, -229.4, -64, -229.5 )
